<record xmlns="http://www.loc.gov/MARC21/slim" xmlns:xsi="http://www.w3.org/2001/XMLSchema-instance" xsi:schemaLocation="http://www.loc.gov/MARC21/slim http://www.loc.gov/standards/marcxml/schema/MARC21slim.xsd"><leader>01145cz   2200193n  4500</leader><controlfield tag="001">oca03888750 </controlfield><controlfield tag="005">20001104070321.0</controlfield><controlfield tag="008">950727n| acannaabn          |a aaa     c</controlfield><datafield ind1=" " ind2=" " tag="010"><subfield code="a">nr 95027541 </subfield></datafield><datafield ind1=" " ind2=" " tag="040"><subfield code="a">NNC</subfield><subfield code="b">eng</subfield><subfield code="c">NNC</subfield><subfield code="d">OCoLC</subfield></datafield><datafield ind1="1" ind2=" " tag="100"><subfield code="a">Cincius Alimentus, L.</subfield><subfield code="q">(Lucius),</subfield><subfield code="d">fl. 210 B.C.</subfield></datafield><datafield ind1="1" ind2=" " tag="400"><subfield code="a">Cincius Alimentus, Lucius,</subfield><subfield code="d">fl. 210 B.C.</subfield></datafield><datafield ind1="1" ind2=" " tag="400"><subfield code="a">Alimentus, L. Cincius</subfield><subfield code="q">(Lucius Alimentus),</subfield><subfield code="d">fl. 210 B.C.</subfield></datafield><datafield ind1="0" ind2=" " tag="400"><subfield code="a">L. Cincius Alimentus</subfield><subfield code="q">(Lucius Cincius Alimentus),</subfield><subfield code="d">fl. 210 B.C.</subfield></datafield><datafield ind1=" " ind2=" " tag="670"><subfield code="a">His Grammatica [CF] 1991:</subfield><subfield code="b">PHI CD ROM #5.3, Latin Canon, bibliographic screen (L. Cincius Alimentus)</subfield></datafield><datafield ind1=" " ind2=" " tag="670"><subfield code="a">Pauly-Wissowa:</subfield><subfield code="b">6. Halbbd., col. 2556-2557; "Cincius", #5 (L. Cincius; Alimentus; praetor, 210 B.C.; later captured by Hannibal; identical with the annalist of the same name)</subfield></datafield><datafield ind1=" " ind2=" " tag="670"><subfield code="a">Oxford class. dict., 1st ed.:</subfield><subfield code="b">p. 193 (Cincius Alimentus, Lucius; Roman senator and historian; praetor in Silicy in 210-209 B.C.; captured by Hannibal)</subfield></datafield><datafield ind1=" " ind2=" " tag="670"><subfield code="a">NUC pre-56:</subfield><subfield code="b">v. 110, p. 43(Cincius Alimentus, Lucius, fl. 210 B.C.)</subfield></datafield><datafield ind1=" " ind2=" " tag="670"><subfield code="a">Funaioli, G. Grammaticae romanae fragmenta, 1964:</subfield><subfield code="b">p. 2 (L. Cincius Alimentus; praetor 211 B.C.)</subfield></datafield></record>